%% This BibTeX bibliography file was created using BibDesk.
%% http://bibdesk.sourceforge.net/

%% Created for rebeschi at 2018-01-19 15:07:37 +0000


%% Saved with string encoding Unicode (UTF-8)



@article{DBLP:journals/corr/BartlettFT17,
	Archiveprefix = {arXiv},
	Author = {Peter L. Bartlett and Dylan J. Foster and Matus Telgarsky},
	Bibsource = {dblp computer science bibliography, http://dblp.org},
	Biburl = {http://dblp.org/rec/bib/journals/corr/BartlettFT17},
	Date-Added = {2018-01-19 15:07:34 +0000},
	Date-Modified = {2018-01-19 15:07:34 +0000},
	Eprint = {1706.08498},
	Journal = {CoRR},
	Timestamp = {Mon, 27 Nov 2017 12:13:13 +0100},
	Title = {Spectrally-normalized margin bounds for neural networks},
	Url = {http://arxiv.org/abs/1706.08498},
	Volume = {abs/1706.08498},
	Year = {2017},
	Bdsk-Url-1 = {http://arxiv.org/abs/1706.08498}}

@article{duchi17roubust,
	Author = {Duchi, John C. and Namkoong, Hongseok},
	Date-Added = {2018-01-19 15:03:45 +0000},
	Date-Modified = {2018-01-19 15:04:23 +0000},
	Journal = {https://arxiv.org/pdf/1610.02581.pdf},
	Title = {Variance-based regularization with convex objectives},
	Year = {2017}}

@article{bubeck2012regret,
  title={Regret analysis of stochastic and nonstochastic multi-armed bandit problems},
  author={Bubeck, S{\'e}bastien and Cesa-Bianchi, Nicolo and others},
  journal={Foundations and Trends{\textregistered} in Machine Learning},
  volume={5},
  number={1},
  pages={1--122},
  year={2012},
  publisher={Now Publishers, Inc.}
}

@article{wain17ada,
	Author = {Wei, Yuting and Yang, Fanny and Wainwright, Martin J. },
	Date-Added = {2018-01-19 14:59:29 +0000},
	Date-Modified = {2018-01-19 15:01:38 +0000},
	Journal = {https://arxiv.org/pdf/1707.01543.pdf},
	Title = {Early stopping for kernel boosting algorithms: A general analysis with localized complexities},
	Year = {2017}}

@article{barlett16,
	Author = {Bartlett, Peter},
	Date-Added = {2018-01-19 14:51:48 +0000},
	Date-Modified = {2018-01-19 14:52:10 +0000},
	Journal = {https://bcourses.berkeley.edu/courses/1409209/pages/lectures},
	Title = {CS 281B / Stat 241B, 2016:},
	Year = {2016}}

@article{barlett08,
	Author = {Bartlett, Peter},
	Date-Added = {2018-01-19 14:43:13 +0000},
	Date-Modified = {2018-01-19 14:56:44 +0000},
	Journal = {http://people.eecs.berkeley.edu/{\textasciitilde{}}bartlett/courses/281b-sp08/},
	Title = {CS 281B / Stat 241B, Spring 2008:},
	Year = {2008}}

@article{bubeck,
	Author = {Bubeck, S{\'e}bastien and others},
	Journal = {Foundations and Trends{\textregistered} in Machine Learning},
	Number = {3-4},
	Pages = {231--357},
	Publisher = {Now Publishers, Inc.},
	Title = {Convex optimization: Algorithms and complexity},
	Volume = {8},
	Year = {2015}}

@article{bach,
  title={Statistical machine learning and convex optimization},
  author={Bach, Francis}
}

@article{linearcoupling,
	Author = {Allen-Zhu, Zeyuan and Orecchia, Lorenzo},
	Journal = {arXiv preprint arXiv:1407.1537},
	Title = {Linear coupling: An ultimate unification of gradient and mirror descent},
	Year = {2014}}

@article{rigollet,
	Author = {Rigollet, Philippe},
	Date-Modified = {2018-01-19 14:49:13 +0000},
	Journal = {https://ocw.mit.edu/courses/mathematics/18-657-mathematics-of-machine-learning-fall-2015/lecture-notes/},
	Title = {18.657 Mathematics of Machine Learning. Fall 2015},
	Year = {2015}}

@article{nesterov1983method,
	Author = {Nesterov, Yurii},
	Title = {A method of solving a convex programming problem with convergence rate O (1/k2)},
    journal={Soviet Mathematics Doklady},
  volume={27},
  number={2},
  year={1983}
}


@article{nesterov2005smooth,
	Author = {Nesterov, Yu},
	Journal = {Mathematical programming},
	Number = {1},
	Pages = {127--152},
	Publisher = {Springer},
	Title = {Smooth minimization of non-smooth functions},
	Volume = {103},
	Year = {2005}}

@article{allen2016katyusha,
	Author = {Allen-Zhu, Zeyuan},
	Journal = {arXiv preprint arXiv:1603.05953},
	Title = {Katyusha: The first direct acceleration of stochastic gradient methods},
	Year = {2016}}

@article{allen2017much,
	Author = {Allen-Zhu, Zeyuan and Li, Yuanzhi and Oliveira, Rafael and Wigderson, Avi},
	Journal = {arXiv preprint arXiv:1704.02315},
	Title = {Much faster algorithms for matrix scaling},
	Year = {2017}}

@inproceedings{allen2016even,
	Author = {Allen-Zhu, Zeyuan and Qu, Zheng and Richt{\'a}rik, Peter and Yuan, Yang},
	Booktitle = {International Conference on Machine Learning},
	Pages = {1110--1119},
	Title = {Even faster accelerated coordinate descent using non-uniform sampling},
	Year = {2016}}

@article{allen2014nearly,
	Author = {Allen-Zhu, Zeyuan and Orecchia, Lorenzo},
	Journal = {arXiv preprint arXiv:1411.1124},
	Title = {Nearly-Linear Time Packing and Covering LP Solvers},
	Year = {2014}}

@article{allen2014using,
	Author = {Allen-Zhu, Zeyuan and Orecchia, Lorenzo},
	Journal = {arXiv preprint arXiv:1407.1925},
	Title = {Using Optimization to Solve Positive LPs Faster in Parallel},
	Year = {2014}}

@article{allen2017natasha,
	Author = {Allen-Zhu, Zeyuan},
	Journal = {arXiv preprint arXiv:1708.08694},
	Title = {Natasha 2: Faster non-convex optimization than sgd},
	Year = {2017}}

@article{Frank1956,
	Author = {Frank, Marguerite and Wolfe, Philip},
	Doi = {10.1002/nav.3800030109},
	Issn = {00281441},
	Journal = {Naval Research Logistics Quarterly},
	Month = {3},
	Number = {1-2},
	Pages = {95--110},
	Title = {{An algorithm for quadratic programming}},
	Url = {http://doi.wiley.com/10.1002/nav.3800030109},
	Volume = {3},
	Year = {1956},
	Bdsk-Url-1 = {http://doi.wiley.com/10.1002/nav.3800030109},
	Bdsk-Url-2 = {http://dx.doi.org/10.1002/nav.3800030109}}

@inproceedings{Jaggi2013,
	Acmid = {3042867},
	Author = {Jaggi, Martin},
	Booktitle = {Proceedings of the 30th International Conference on International Conference on Machine Learning - Volume 28},
	Location = {Atlanta, GA, USA},
	Pages = {I-427--I-435},
	Publisher = {JMLR.org},
	Series = {ICML'13},
	Title = {Revisiting Frank-Wolfe: Projection-free Sparse Convex Optimization},
	Url = {http://dl.acm.org/citation.cfm?id=3042817.3042867},
	Year = {2013},
	Bdsk-Url-1 = {http://dl.acm.org/citation.cfm?id=3042817.3042867}}

@article{kalai2005efficient,
  title={Efficient algorithms for online decision problems},
  author={Kalai, Adam and Vempala, Santosh},
  journal={Journal of Computer and System Sciences},
  volume={71},
  number={3},
  pages={291--307},
  year={2005},
  publisher={Elsevier}
}

@inproceedings{mason2000boosting,
  title={Boosting algorithms as gradient descent},
  author={Mason, Llew and Baxter, Jonathan and Bartlett, Peter L and Frean, Marcus R},
  booktitle={Advances in neural information processing systems},
  pages={512--518},
  year={2000}
}

@article{raskutti2014early,
  title={Early stopping and non-parametric regression: an optimal data-dependent stopping rule.},
  author={Raskutti, Garvesh and Wainwright, Martin J and Yu, Bin},
  journal={Journal of Machine Learning Research},
  volume={15},
  number={1},
  pages={335--366},
  year={2014}
}

@article{friedman2004gradient,
  title={Gradient directed regularization.},
  author={Friedman, Jerome H. and Popescu, Bogdan E.},
  journal={Technical report, Stanford University},
  year={2004}
}

@article{Bartlett2002rademacher,
  title={Rademacher and Gaussian Complexities: Risk Bounds and Structural Results.},
  author={Bartlett, Peter L. and Mendelson, Shahar},
  journal={Journal of Machine Learning Research},
  number={3},
  pages={463-482},
  year={2002}
}

@article{Bartlett2005local,
  title={Local Rademacher Complexities},
  author={Bartlett, Peter L. and Bousquet, Olivier and Mendelson, Shahar},
  journal={The Annals of Statistics},
  volume={33},
  number={4},
  pages={1497-1537},
  year={2005}
}

@misc{sejdinovic2012rkhs,
  title={What is an RKHS?},
  author={Sejdinovic, Dino and Gretton, Arthur},
  year={2012}
}

@article{schapire2012boosting,
  title={Boosting: Foundations and Algorithms},
  author={Schapire, Robert E and Freund, Yoav},
  journal={Kybernetes},
  volume={42},
  number={1},
  pages={164--166},
  year={2013},
  publisher={Emerald Group Publishing Limited}
}

@inproceedings{mendelson2002geometric,
  title={Geometric parameters of kernel machines},
  author={Mendelson, Shahar},
  booktitle={International Conference on Computational Learning Theory},
  pages={29--43},
  year={2002},
  organization={Springer}
}

@article{wainwright2017high,
  title={High-dimensional statistics: A non-asymptotic viewpoint},
  author={Wainwright, JM},
  publisher={Cambridge University Press. To appear.},
  year={2017}
}
@article{neyshabur2017pac,
  title={A pac-bayesian approach to spectrally-normalized margin bounds for neural networks},
  author={Neyshabur, Behnam and Bhojanapalli, Srinadh and McAllester, David and Srebro, Nathan},
  journal={arXiv preprint arXiv:1707.09564},
  year={2017}
}

@article{maurer2009empirical,
  title={Empirical Bernstein bounds and sample variance penalization},
  author={Maurer, Andreas and Pontil, Massimiliano},
  journal={arXiv preprint arXiv:0907.3740},
  year={2009}

}
